@article{Akaike,
  author =       "Akaike, K., Fumoto, M., & Usui, S",
  title =        "The Effect of Initial Head Movement on Baseball Hitting Accuracy",
  journal =      "Advances in Exercise and Sports Psychology",
  volume =       "24",
  number =       "2",
  pages =        "27--38",
  year =         "2018",
  DOI =          ""
}
@article{Beneventano,
  author =       "Beneventano, P., Berger, P., & Weinberg, B",
  title =        "Predicting Run Production and Run Prevention in Baseball: The Impact of Sabermetrics",
  journal =      "International Journal of Business, Humanities and Technology",
  volume =       "2",
  number =       "4",
  pages =        "",
  year =         "2012",
  DOI =          ""
}
@article{Boden,
  author =       "Boden, L. M., Rosengren, K. J., Martin, D. F., & Boden, S. D",
  title =        "A comparison of static near stereo acuity in youth baseball/softball players and non–ball players",
  journal =      "Journal of the American Optometric Association",
  volume =       "80",
  number =       "3",
  pages =        "121--125",
  year =         "2009",
  DOI =          "10.1016/j.optm.2008.06.009"
 }
  @article{Borzi,
  author =       "Borzi, P",
  title =        "Swing Science: The Fine Points",
  journal =      "The New York Times",
  volume =       "",
  number =       "",
  pages =        "",
  year =         "2008",
  DOI =          ""
}
@article{Gray,
  author =       "Gray, R., & Cañal-Bruland, R",
  title =        "Integrating visual trajectory and probabilistic information in baseball batting",
  journal =      "Psychology of Sport and Exercise",
  volume =       "36",
  number =       "",
  pages =        "123--1311",
  year =         "2018",
  DOI =          "10.1016/j.psychsport.2018.02.009"
}
@article{Gleeman,
  author =       "Gleeman, A"
  title =        "Hitters complained, so the Twins are getting rid of the center field trees at Target Field",
  journal =      "ESPN",
  volume =       "2",
  number =       "4",
  pages =        "",
  year =         "2010",
  DOI =          ""
}
@article{Higuchi,
  author =       "Higuchi, T., Nagami, T., Morohoshi, J., Nakata, H., & Kanosue, K",
  title =        "Disturbance In Hitting Accuracy By Professional And Collegiate Baseball Players Due To Intentional Change Of Target Position",
  journal =      "Perceptual and Motor Skills",
  volume =       "",
  number =       "",
  pages =        "",
  year =         "2013",
  DOI =          "10.2466/30.23.25.pms.116.2"
}
@article{Holmes,
  author =       "Holmes, D",
  title =        "What is the batter's eye?",
  journal =      "DetroitAathletic",
  volume =       "",
  number =       "",
  pages =        "",
  year =         "2017",
  DOI =          ""
}
@article{Kato,
  author =       "Kato, T., & Fukuda, T",
  title =        "Visual Search Strategies of Baseball Batters: Eye Movements during the Preparatory Phase of Batting",
  journal =      "Perceptual and Motor Skills",
  volume =       "94",
  number =       "2",
  pages =        "380--386",
  year =         "2002",
  DOI =          "10.2466/pms.2002.94.2.380"
}
@article{Laby,
  author =       "Laby, D. M., Davidson, J. L., Rosenbaum, L. J., Strasser, C., Mellman, M. F., Rosenbaum, A. L., & Kirschen, D. G",
  title =        "The Visual Function of Professional Baseball Players",
  journal =      "American Journal of Ophthalmology",
  volume =       "122",
  number =       "4",
  pages =        "476--485",
  year =         "1996",
  DOI =          "10.1016/s0002-9394(14)72106-3"
}
@article{Morris,
  author =       "Morris-Binelli, K., Müller, S., & Fadde, P",
  title =        "Use of Pitcher Game Footage to Measure Visual Anticipation and Its Relationship to Baseball Batting Statistics",
  journal =      "Journal of Motor Learning and Development",
  volume =       "6",
  number =       "2",
  pages =        "197--208",
  year =         "2018",
  DOI =          "10.1123/jmld.2017-0015"
}
@article{Muller,
  author =       "Müller, S., & Abernethy, B",
  title =        "Expert Anticipatory Skill in Striking Sports",
  journal =      "Research Quarterly for Exercise and Sport",
  volume =       "83",
  number =       "2",
  pages =        "175--187",
  year =         "2012",
  DOI =          "10.1080/02701367.2012.10599848"
}
@article{Fadde,
  author =       "Müller, S., & Fadde, P. J",
  title =        "The Relationship Between Visual Anticipation and Baseball Batting Game Statistics",
  journal =      "Journal of Applied Sport Psychology",
  volume =       "28",
  number =       "1",
  pages =        "49--61",
  year =         "2015",
  DOI =          "10.1080/10413200.2015.1058867"
}
@article{Nakamoto,
  author =       "Nakamoto, H., & Mori, S",
  title =        "Sport-Specific Decision-Making in a Go/Nogo Reaction Task: Difference among Nonathletes and Baseball and Basketball Players",
  journal =      "Perceptual and Motor Skills",
  volume =       "106",
  number =       "1",
  pages =        "163--170",
  year =         "2008",
  DOI =          "10.2466/pms.106.1.163-170"
}
@article{Mori,
  author =       "Nakamoto, H., & Mori, S",
  title =        "Experts in fast-ball sports reduce anticipation timing cost by developing inhibitory control",
  journal =      "Brain and Cognition",
  volume =       "80",
  number =       "1",
  pages =        "23--32",
  year =         "2012",
  DOI =          "10.1016/j.bandc.2012.04.004"
}
@article{Regan,
  author =       "Regan, D",
  title =        "Visual factors in hitting and catching",
  journal =      "Journal of Sports Sciences",
  volume =       "15",
  number =       "6",
  pages =        "533--558",
  year =         "1997",
  DOI =          "10.1080/026404197366985"
}
@article{Renshaw,
  author =       "Renshaw, I., & Fairweather, M. M",
  title =        "Cricket bowling deliveries and the discrimination ability of professional and amateur batters",
  journal =      "Journal of Sports Sciences",
  volume =       "18",
  number =       "12",
  pages =        "915--957",
  year =         "2000",
  DOI =          "10.1080/026404100446757"
}
@article{Shank,
  author =       "Shank, M. D., & Haywood, K. M",
  title =        "Eye Movements While Viewing a Baseball Pitch",
  journal =      "Perceptual and Motor Skills",
  volume =       "64",
  number =       "",
  pages =        "1191--1197",
  year =         "1987",
  DOI =          "10.2466/pms.1987.64.3c.1191"
}
@article{Williams,
  author =       "Williams, A. M., Ford, P. R., Eccles, D. W., & Ward, P",
  title =        "Perceptual-cognitive expertise in sport and its acquisition: Implications for applied cognitive psychology",
  journal =      "Applied Cognitive Psychology",
  volume =       "25",
  number =       "3",
  pages =        "432--442",
  year =         "2010",
  DOI =          "10.1002/acp.1710"
}